<?xml version='1.0' encoding='utf-8'?>
<record xmlns="http://www.loc.gov/MARC21/slim" xmlns:xsi="http://www.w3.org/2001/XMLSchema-instance" xsi:schemaLocation="http://www.loc.gov/MARC21/slim http://www.loc.gov/standards/marcxml/schema/MARC21slim.xsd">
  <leader>00000nkda 22003851a 4500</leader>
  <controlfield tag="005">20070309140434.0</controlfield>
  <controlfield tag="008">940131i19001924miunnn           1kneng d</controlfield>
  <datafield tag="035" ind1=" " ind2=" ">
    <subfield code="a">(RLIN)MIUV90-F37</subfield>
  </datafield>
  <datafield tag="035" ind1=" " ind2=" ">
    <subfield code="a">(OCoLC)ocm35064865</subfield>
  </datafield>
  <datafield tag="040" ind1=" " ind2=" ">
    <subfield code="a">MiU-H</subfield>
    <subfield code="c">MiU-H</subfield>
    <subfield code="e">gihc</subfield>
  </datafield>
  <datafield tag="100" ind1="1" ind2=" ">
    <subfield code="a">Patterson, John C.,</subfield>
    <subfield code="d">1838-1910.</subfield>
  </datafield>
  <datafield tag="245" ind1="0" ind2="0">
    <subfield code="a">John C. Patterson photograph series.</subfield>
  </datafield>
  <datafield tag="260" ind1=" " ind2=" ">
    <subfield code="c">Ca. 1900-ca. 1924.</subfield>
  </datafield>
  <datafield tag="300" ind1=" " ind2=" ">
    <subfield code="a">.2 linear ft.</subfield>
  </datafield>
  <datafield tag="545" ind1=" " ind2=" ">
    <subfield code="a">Marshall, Michigan, attorney.</subfield>
  </datafield>
  <datafield tag="520" ind1=" " ind2=" ">
    <subfield code="a">Portraits and informal photographs of Patterson, his wife Minnie Ward Patterson, and other Patterson family members; also photographs, mainly taken by Minnie Ward Patterson while traveling in Minnesota and Montana, ca. 1902, and while traveling in Mexico and the southwest United States, including images of Native Americans and their crafts.</subfield>
  </datafield>
  <datafield tag="555" ind1="0" ind2=" ">
    <subfield code="a">Finding aid in the library.</subfield>
  </datafield>
  <datafield tag="555" ind1="0" ind2=" ">
    <subfield code="a">Finding aid available via World Wide Web at URL: http://quod.lib.umich.edu/cgi/f/findaid/findaid-idx?c=bhlead&amp;idno=umich-bhl-852135</subfield>
  </datafield>
  <datafield tag="500" ind1=" " ind2=" ">
    <subfield code="a">Donor: 1771</subfield>
  </datafield>
  <datafield tag="580" ind1=" " ind2=" ">
    <subfield code="a">Forms part of Patterson, John C. John C. Patterson papers.</subfield>
  </datafield>
  <datafield tag="650" ind1=" " ind2="0">
    <subfield code="a">Indians of North America.</subfield>
  </datafield>
  <datafield tag="651" ind1=" " ind2="0">
    <subfield code="a">Mexico.</subfield>
  </datafield>
  <datafield tag="651" ind1=" " ind2="0">
    <subfield code="a">Minnesota.</subfield>
  </datafield>
  <datafield tag="651" ind1=" " ind2="0">
    <subfield code="a">Montana.</subfield>
  </datafield>
  <datafield tag="650" ind1=" " ind2="0">
    <subfield code="a">Navajo Indians.</subfield>
  </datafield>
  <datafield tag="651" ind1=" " ind2="0">
    <subfield code="a">New Mexico.</subfield>
  </datafield>
  <datafield tag="655" ind1=" " ind2="7">
    <subfield code="a">Photographs.</subfield>
    <subfield code="2">aat</subfield>
  </datafield>
  <datafield tag="650" ind1=" " ind2="7">
    <subfield code="a">Travel.</subfield>
    <subfield code="2">lctgm</subfield>
  </datafield>
  <datafield tag="650" ind1=" " ind2="7">
    <subfield code="a">Women.</subfield>
    <subfield code="2">lctgm</subfield>
  </datafield>
  <datafield tag="700" ind1="1" ind2=" ">
    <subfield code="a">Patterson, Minnie Ward.</subfield>
  </datafield>
  <datafield tag="773" ind1="1" ind2=" ">
    <subfield code="a">Patterson, John C.</subfield>
    <subfield code="7">p1bc</subfield>
    <subfield code="t">John C. Patterson papers.</subfield>
    <subfield code="w">(CStRLIN)MIUV85-A2135</subfield>
  </datafield>
  <datafield tag="852" ind1=" " ind2=" ">
    <subfield code="a">Bentley Historical Library,</subfield>
    <subfield code="b">University of Michigan,</subfield>
    <subfield code="c">Ann Arbor, Michigan 48109-2113</subfield>
  </datafield>
  <datafield tag="856" ind1="4" ind2="2">
    <subfield code="3">Finding aid:</subfield>
    <subfield code="u">http://quod.lib.umich.edu/cgi/f/findaid/findaid-idx?c=bhlead&amp;idno=umich-bhl-852135</subfield>
  </datafield>
  <datafield tag="998" ind1=" " ind2=" ">
    <subfield code="c">TEP</subfield>
    <subfield code="s">9114</subfield>
  </datafield>
</record>
